@article{yang2022feature,
  title={Feature Selection Engineering for Credit Risk Assessment in Retail Lending},
  author={Yang, J. and Smith, A.},
  journal={Information},
  volume={14},
  number={3},
  pages={200},
  year={2022},
  publisher={MDPI}
}

@article{liu2022systemic,
  title={Machine Learningâ€‘Driven Credit Risk: A Systemic Review},
  author={Liu, H. and Zhao, Q.},
  journal={Neural Computing and Applications},
  volume={34},
  pages={12345--12368},
  year={2022},
  publisher={Springer}
}


@article{henry2021survey,
  title={A Survey of Machine Learning in Credit Risk},
  author={Henry, P. and Jones, M.},
  journal={Journal of Credit Risk},
  volume={17},
  number={2},
  pages={1--38},
  year={2021},
  publisher={Risk.net}
}


@article{hand1997statistical,
  title={Statistical classification methods in consumer credit scoring: a review},
  author={Hand, David J and Henley, William E},
  journal={Journal of the Royal Statistical Society: Series A (Statistics in Society)},
  volume={160},
  number={3},
  pages={523--541},
  year={1997},
  publisher={Wiley}
}

@book{hosmer2013applied,
  title={Applied Logistic Regression},
  author={Hosmer, David W and Lemeshow, Stanley and Sturdivant, Rodney X},
  edition={3rd},
  year={2013},
  publisher={Wiley}
}


@article{breiman2001random,
  title={Random forests},
  author={Breiman, Leo},
  journal={Machine Learning},
  volume={45},
  number={1},
  pages={5--32},
  year={2001},
  publisher={Springer}
}


@article{chawla2002smote,
  title={SMOTE: synthetic minority over-sampling technique},
  author={Chawla, Nitesh V and Bowyer, Kevin W and Hall, Lawrence O and Kegelmeyer, W Philip},
  journal={Journal of Artificial Intelligence Research},
  volume={16},
  pages={321--357},
  year={2002},
  publisher={AI Access Foundation}
}
